@article{sokal1962comparison,
  title={The comparison of dendrograms by objective methods},
  author={Sokal, Robert R and Rohlf, F James},
  journal={Taxon},
  volume={11},
  number={2},
  pages={33--40},
  year={1962},
  publisher={JSTOR}
}

@article{robinson1981comparison,
  title={Comparison of phylogenetic trees},
  author={Robinson, David F and Foulds, Leslie R},
  journal={Mathematical biosciences},
  volume={53},
  number={1-2},
  pages={131--147},
  year={1981},
  publisher={Elsevier}
}

@article{billera2001geometry,
  title={Geometry of the space of phylogenetic trees},
  author={Billera, Louis J and Holmes, Susan P and Vogtmann, Karen},
  journal={Advances in Applied Mathematics},
  volume={27},
  number={4},
  pages={733--767},
  year={2001},
  publisher={Elsevier}
}

@article{owen2010fast,
  title={A fast algorithm for computing geodesic distances in tree space},
  author={Owen, Megan and Provan, J Scott},
  journal={IEEE/ACM Transactions on Computational Biology and Bioinformatics},
  volume={8},
  number={1},
  pages={2--13},
  year={2010},
  publisher={IEEE}
}

@article{cavalli1967phylogenetic,
  title={Phylogenetic analysis. Models and estimation procedures},
  author={Cavalli-Sforza, Luigi L and Edwards, Anthony WF},
  journal={American journal of human genetics},
  volume={19},
  number={3 Pt 1},
  pages={233},
  year={1967},
  publisher={Elsevier}
}

% PCoA sur des arbres

@article{jombart2017treespace,
  title={treespace: Statistical exploration of landscapes of phylogenetic trees},
  author={Jombart, Thibaut and Kendall, Michelle and Almagro-Garcia, Jacob and Colijn, Caroline},
  journal={Molecular ecology resources},
  volume={17},
  number={6},
  pages={1385--1392},
  year={2017},
  publisher={Wiley Online Library}
}

@article{wilgenbusch2017visualizing,
  title={Visualizing phylogenetic tree landscapes},
  author={Wilgenbusch, James C and Huang, Wen and Gallivan, Kyle A},
  journal={BMC bioinformatics},
  volume={18},
  number={1},
  pages={85},
  year={2017},
  publisher={BioMed Central}
}

@book{sneath1973numerical,
  title={Numerical taxonomy. The principles and practice of numerical classification.},
  author={Sneath, Peter HA and Sokal, Robert R and others},
  year={1973}
}
