%% 16S

@article{morgan2012human,
  title={Human microbiome analysis},
  author={Morgan, Xochitl C and Huttenhower, Curtis},
  journal={PLoS Comput Biol},
  volume={8},
  number={12},
  pages={e1002808},
  year={2012},
  publisher={Public Library of Science}
}

@article{kembel2012incorporating,
  title={Incorporating 16S gene copy number information improves estimates of microbial diversity and abundance},
  author={Kembel, Steven W and Wu, Martin and Eisen, Jonathan A and Green, Jessica L},
  journal={PLoS Comput Biol},
  volume={8},
  number={10},
  pages={e1002743},
  year={2012},
  publisher={Public Library of Science}
}


@article{edgar2010search,
  title={Search and clustering orders of magnitude faster than BLAST},
  author={Edgar, Robert C},
  journal={Bioinformatics},
  volume={26},
  number={19},
  pages={2460--2461},
  year={2010},
  publisher={Oxford University Press}
}

@article{stoddard2015rrn,
  title={rrn DB: improved tools for interpreting rRNA gene abundance in bacteria and archaea and a new foundation for future development},
  author={Stoddard, Steven F and Smith, Byron J and Hein, Robert and Roller, Benjamin RK and Schmidt, Thomas M},
  journal={Nucleic acids research},
  volume={43},
  number={D1},
  pages={D593--D598},
  year={2015},
  publisher={Oxford University Press}
}

@article{regier2019combination,
  title={Combination of microbiome analysis and serodiagnostics to assess the risk of pathogen transmission by ticks to humans and animals in central Germany},
  author={Regier, Yvonne and Komma, Kassandra and Weigel, Markus and Kraiczy, Peter and Laisi, Arttu and Pulliainen, Arto T and Hain, Torsten and Kempf, Volkhard AJ},
  journal={Parasites \& vectors},
  volume={12},
  number={1},
  pages={11},
  year={2019},
  publisher={Springer}
}

%% QC

@article{meyerhans1990dna,
  title={DNA recombination during PCR},
  author={Meyerhans, Andreas and Vartanian, Jean-Pierre and Wain-Hobson, Simon},
  journal={Nucleic acids research},
  volume={18},
  number={7},
  pages={1687--1691},
  year={1990},
  publisher={Oxford University Press}
}

@article{mathieu1996dna,
  title={DNA rehybridization during PCR: the ‘C o t effect’and its consequences},
  author={Mathieu-Daud{\'e}, Fran{\c{c}}oise and Welsh, John and Vogt, Thomas and McClelland, Michael},
  journal={Nucleic acids research},
  volume={24},
  number={11},
  pages={2080--2086},
  year={1996},
  publisher={Oxford University Press}
}

@article{wright2012decipher,
  title={DECIPHER, a search-based approach to chimera identification for 16S rRNA sequences},
  author={Wright, Erik S and Yilmaz, L Safak and Noguera, Daniel R},
  journal={Applied and environmental microbiology},
  volume={78},
  number={3},
  pages={717--725},
  year={2012},
  publisher={Am Soc Microbiol}
}

@article{edgar2016uchime2,
  title={UCHIME2: improved chimera prediction for amplicon sequencing},
  author={Edgar, Robert C},
  journal={BioRxiv},
  pages={074252},
  year={2016},
  publisher={Cold Spring Harbor Laboratory}
}

@article{modolo2015urqt,
  title={UrQt: an efficient software for the Unsupervised Quality trimming of NGS data},
  author={Modolo, Laurent and Lerat, Emmanuelle},
  journal={BMC bioinformatics},
  volume={16},
  number={1},
  pages={137},
  year={2015},
  publisher={Springer}
}

%% Base de données

@article{maidak1997rdp,
  title={The RDP (ribosomal database project)},
  author={Maidak, Bonnie L and Olsen, Gary J and Larsen, Niels and Overbeek, Ross and McCaughey, Michael J and Woese, Carl R},
  journal={Nucleic acids research},
  volume={25},
  number={1},
  pages={109--110},
  year={1997},
  publisher={Oxford University Press}
}

@article{maidak2000rdp,
  title={The RDP (ribosomal database project) continues},
  author={Maidak, Bonnie L and Cole, James R and Lilburn, Timothy G and Parker Jr, Charles T and Saxman, Paul R and Stredwick, Jason M and Garrity, George M and Li, Bing and Olsen, Gary J and Pramanik, Sakti and others},
  journal={Nucleic acids research},
  volume={28},
  number={1},
  pages={173--174},
  year={2000},
  publisher={Oxford University Press}
}

@article{quast2012silva,
  title={The SILVA ribosomal RNA gene database project: improved data processing and web-based tools},
  author={Quast, Christian and Pruesse, Elmar and Yilmaz, Pelin and Gerken, Jan and Schweer, Timmy and Yarza, Pablo and Peplies, J{\"o}rg and Gl{\"o}ckner, Frank Oliver},
  journal={Nucleic acids research},
  volume={41},
  number={D1},
  pages={D590--D596},
  year={2012},
  publisher={Oxford University Press}
}

@article{desantis2006greengenes,
  title={Greengenes, a chimera-checked 16S rRNA gene database and workbench compatible with ARB},
  author={DeSantis, Todd Z and Hugenholtz, Philip and Larsen, Neils and Rojas, Mark and Brodie, Eoin L and Keller, Keith and Huber, Thomas and Dalevi, Daniel and Hu, Ping and Andersen, Gary L},
  journal={Applied and environmental microbiology},
  volume={72},
  number={7},
  pages={5069--5072},
  year={2006},
  publisher={Am Soc Microbiol}
}

@article{schloss2009introducing,
  title={Introducing mothur: open-source, platform-independent, community-supported software for describing and comparing microbial communities},
  author={Schloss, Patrick D and Westcott, Sarah L and Ryabin, Thomas and Hall, Justine R and Hartmann, Martin and Hollister, Emily B and Lesniewski, Ryan A and Oakley, Brian B and Parks, Donovan H and Robinson, Courtney J and others},
  journal={Applied and environmental microbiology},
  volume={75},
  number={23},
  pages={7537--7541},
  year={2009},
  publisher={Am Soc Microbiol}
}

%% OTU

@article{caporaso2010qiime,
  title={{QIIME} allows analysis of high-throughput community sequencing data},
  author={Caporaso, J Gregory and Kuczynski, Justin and Stombaugh, Jesse and Bittinger, Kyle and Bushman, Frederic D and Costello, Elizabeth K and Fierer, Noah and Pena, Antonio Gonzalez and Goodrich, Julia K and Gordon, Jeffrey I and others},
  journal={Nature methods},
  volume={7},
  number={5},
  pages={335},
  year={2010},
  publisher={Nature Publishing Group}
}

@article{schloss2009introducing,
  title={Introducing mothur: open-source, platform-independent, community-supported software for describing and comparing microbial communities},
  author={Schloss, Patrick D and Westcott, Sarah L and Ryabin, Thomas and Hall, Justine R and Hartmann, Martin and Hollister, Emily B and Lesniewski, Ryan A and Oakley, Brian B and Parks, Donovan H and Robinson, Courtney J and others},
  journal={Applied and environmental microbiology},
  volume={75},
  number={23},
  pages={7537--7541},
  year={2009},
  publisher={Am Soc Microbiol}
}


%% ASV

@article{callahan2016dada2,
  title={DADA2: high-resolution sample inference from Illumina amplicon data},
  author={Callahan, Benjamin J and McMurdie, Paul J and Rosen, Michael J and Han, Andrew W and Johnson, Amy Jo A and Holmes, Susan P},
  journal={Nature methods},
  volume={13},
  number={7},
  pages={581},
  year={2016},
  publisher={Nature Publishing Group}
}

@article{callahan2017exact,
  title={Exact sequence variants should replace operational taxonomic units in marker-gene data analysis},
  author={Callahan, Benjamin J and McMurdie, Paul J and Holmes, Susan P},
  journal={The ISME journal},
  volume={11},
  number={12},
  pages={2639--2643},
  year={2017},
  publisher={Nature Publishing Group}
}

%% Oligotypes

@article{eren2013oligotyping,
  title={Oligotyping: differentiating between closely related microbial taxa using 16S rRNA gene data},
  author={Eren, A Murat and Maignien, Lo{\"\i}s and Sul, Woo Jun and Murphy, Leslie G and Grim, Sharon L and Morrison, Hilary G and Sogin, Mitchell L},
  journal={Methods in ecology and evolution},
  volume={4},
  number={12},
  pages={1111--1119},
  year={2013},
  publisher={Wiley Online Library}
}

@article{eren2014oligotyping,
  title={Oligotyping analysis of the human oral microbiome},
  author={Eren, A Murat and Borisy, Gary G and Huse, Susan M and Welch, Jessica L Mark},
  journal={Proceedings of the National Academy of Sciences},
  volume={111},
  number={28},
  pages={E2875--E2884},
  year={2014},
  publisher={National Acad Sciences}
}

%% MSP

@article{plaza2018mspminer,
  title={{MSP}miner: abundance-based reconstitution of microbial pan-genomes from shotgun metagenomic data},
  author={Plaza O{\~n}ate, Florian and Le Chatelier, Emmanuelle and Almeida, Mathieu and Cervino, Alessandra CL and Gauthier, Franck and Magoul{\`e}s, Fr{\'e}d{\'e}ric and Ehrlich, S Dusko and Pichaud, Matthieu and Wren, Jonathan},
  journal={Bioinformatics},
  year={2018}
}


%% Normalisation

@article{gloor2016compositional,
  title={Compositional analysis: a valid approach to analyze microbiome high-throughput sequencing data},
  author={Gloor, Gregory B and Reid, Gregor},
  journal={Canadian journal of microbiology},
  volume={62},
  number={8},
  pages={692--703},
  year={2016},
  publisher={NRC Research Press}
}

@article{vandeputte2017quantitative,
  title={Quantitative microbiome profiling links gut community variation to microbial load},
  author={Vandeputte, Doris and Kathagen, Gunter and D’hoe, Kevin and Vieira-Silva, Sara and Valles-Colomer, Mireia and Sabino, Jo{\~a}o and Wang, Jun and Tito, Raul Y and De Commer, Lindsey and Darzi, Youssef and others},
  journal={Nature},
  volume={551},
  number={7681},
  pages={507--511},
  year={2017},
  publisher={Nature Publishing Group}
}

@article{vandeputte2017quantitative,
  title={Quantitative microbiome profiling links gut community variation to microbial load},
  author={Vandeputte, Doris and Kathagen, Gunter and D’hoe, Kevin and Vieira-Silva, Sara and Valles-Colomer, Mireia and Sabino, Jo{\~a}o and Wang, Jun and Tito, Raul Y and De Commer, Lindsey and Darzi, Youssef and others},
  journal={Nature},
  volume={551},
  number={7681},
  pages={507--511},
  year={2017},
  publisher={Nature Publishing Group}
}

@article{galazzo2020count,
  title={How to count our microbes? The effect of different Quantitative Microbiome Profiling approaches},
  author={Galazzo, G and van Best, N and Benedikter, BJ and Janssen, K and Bervoets, L and Driessen, C and Oomen, M and Lucchesi, M and van Eijck, PH and Becker, HEF and others},
  journal={Front. Cell. Infect. Microbiol. 10: 403. doi: 10.3389/fcimb},
  year={2020}
}

%% Shotgun

@article{quince2017shotgun,
  title={Shotgun metagenomics, from sampling to analysis},
  author={Quince, Christopher and Walker, Alan W and Simpson, Jared T and Loman, Nicholas J and Segata, Nicola},
  journal={Nature biotechnology},
  volume={35},
  number={9},
  pages={833--844},
  year={2017},
  publisher={Nature Publishing Group}
}

%% Approches en shotgun

% comparaison de lectures

@inproceedings{maillet2012compareads,
  title={Compareads: comparing huge metagenomic experiments},
  author={Maillet, Nicolas and Lemaitre, Claire and Chikhi, Rayan and Lavenier, Dominique and Peterlongo, Pierre},
  booktitle={BMC bioinformatics},
  volume={13},
  number={S19},
  pages={S10},
  year={2012},
  organization={Springer}
}

@inproceedings{maillet2014commet,
  title={COMMET: comparing and combining multiple metagenomic datasets},
  author={Maillet, Nicolas and Collet, Guillaume and Vannier, Thomas and Lavenier, Dominique and Peterlongo, Pierre},
  booktitle={2014 IEEE international conference on bioinformatics and biomedicine (BIBM)},
  pages={94--98},
  year={2014},
  organization={IEEE}
}

% Comparaison des profils en k-mers

@article{benoit2016multiple,
  title={Multiple comparative metagenomics using multiset k-mer counting},
  author={Benoit, Ga{\"e}tan and Peterlongo, Pierre and Mariadassou, Mahendra and Drezen, Erwan and Schbath, Sophie and Lavenier, Dominique and Lemaitre, Claire},
  journal={PeerJ Computer Science},
  volume={2},
  pages={e94},
  year={2016},
  publisher={PeerJ Inc.}
}

@article{deorowicz2015kmc,
  title={KMC 2: fast and resource-frugal k-mer counting},
  author={Deorowicz, Sebastian and Kokot, Marek and Grabowski, Szymon and Debudaj-Grabysz, Agnieszka},
  journal={Bioinformatics},
  volume={31},
  number={10},
  pages={1569--1576},
  year={2015},
  publisher={Oxford University Press}
}

% Classification exhaustive des lectures

@article{brady2009phymm,
  title={Phymm and PhymmBL: metagenomic phylogenetic classification with interpolated Markov models},
  author={Brady, Arthur and Salzberg, Steven L},
  journal={Nature methods},
  volume={6},
  number={9},
  pages={673--676},
  year={2009},
  publisher={Nature Publishing Group}
}

@article{kim2016centrifuge,
  title={Centrifuge: rapid and sensitive classification of metagenomic sequences},
  author={Kim, Daehwan and Song, Li and Breitwieser, Florian P and Salzberg, Steven L},
  journal={Genome research},
  volume={26},
  number={12},
  pages={1721--1729},
  year={2016},
  publisher={Cold Spring Harbor Lab}
}

@article{wood2014kraken,
  title={Kraken: ultrafast metagenomic sequence classification using exact alignments},
  author={Wood, Derrick E and Salzberg, Steven L},
  journal={Genome biology},
  volume={15},
  number={3},
  pages={1--12},
  year={2014},
  publisher={BioMed Central}
}

@article{ounit2015clark,
  title={CLARK: fast and accurate classification of metagenomic and genomic sequences using discriminative k-mers},
  author={Ounit, Rachid and Wanamaker, Steve and Close, Timothy J and Lonardi, Stefano},
  journal={BMC genomics},
  volume={16},
  number={1},
  pages={236},
  year={2015},
  publisher={Springer}
}

% Recensement de gènes marqueurs

@article{liu2011accurate,
  title={Accurate and fast estimation of taxonomic profiles from metagenomic shotgun sequences},
  author={Liu, Bo and Gibbons, Theodore and Ghodsi, Mohammad and Treangen, Todd and Pop, Mihai},
  journal={Genome biology},
  volume={12},
  number={1},
  pages={1--27},
  year={2011},
  publisher={BioMed Central}
}

@article{segata2012metagenomic,
  title={Metagenomic microbial community profiling using unique clade-specific marker genes},
  author={Segata, Nicola and Waldron, Levi and Ballarini, Annalisa and Narasimhan, Vagheesh and Jousson, Olivier and Huttenhower, Curtis},
  journal={Nature methods},
  volume={9},
  number={8},
  pages={811--814},
  year={2012},
  publisher={Nature Publishing Group}
}

@article{truong2015metaphlan2,
  title={MetaPhlAn2 for enhanced metagenomic taxonomic profiling},
  author={Truong, Duy Tin and Franzosa, Eric A and Tickle, Timothy L and Scholz, Matthias and Weingart, George and Pasolli, Edoardo and Tett, Adrian and Huttenhower, Curtis and Segata, Nicola},
  journal={Nature methods},
  volume={12},
  number={10},
  pages={902--903},
  year={2015},
  publisher={Nature Publishing Group}
}

% Utilisation d'un catalogue de gènes

@article{almeida2020unified,
  title={A unified catalog of 204,938 reference genomes from the human gut microbiome},
  author={Almeida, Alexandre and Nayfach, Stephen and Boland, Miguel and Strozzi, Francesco and Beracochea, Martin and Shi, Zhou Jason and Pollard, Katherine S and Sakharova, Ekaterina and Parks, Donovan H and Hugenholtz, Philip and others},
  journal={Nature Biotechnology},
  pages={1--10},
  year={2020},
  publisher={Nature Publishing Group}
}

@article{kultima2012mocat,
  title={MOCAT: a metagenomics assembly and gene prediction toolkit},
  author={Kultima, Jens Roat and Sunagawa, Shinichi and Li, Junhua and Chen, Weineng and Chen, Hua and Mende, Daniel R and Arumugam, Manimozhiyan and Pan, Qi and Liu, Binghang and Qin, Junjie and others},
  journal={PloS one},
  volume={7},
  number={10},
  pages={e47656},
  year={2012},
  publisher={Public Library of Science}
}

@article{coelho2019ng,
  title={NG-meta-profiler: fast processing of metagenomes using NGLess, a domain-specific language},
  author={Coelho, Luis Pedro and Alves, Renato and Monteiro, Paulo and Huerta-Cepas, Jaime and Freitas, Ana Teresa and Bork, Peer},
  journal={Microbiome},
  volume={7},
  number={1},
  pages={84},
  year={2019},
  publisher={Springer}
}

@article{pons2010meteor,
  title={METEOR, a platform for quantitative metagenomic profiling of complex ecosystems},
  author={Pons, Nicolas and Batto, Jean-Michel and Kennedy, Sean and Almeida, Mathieu and Boumezbeur, Fouad and Moumen, B and others},
  journal={Journ{\'e}es Ouvertes en Biologie, Informatique et Math{\'e}matiques http://www. jobim2010. fr/sites/default/files/presentations/27Pons. pdf},
  year={2010}
}

%% Phylogénie

@article{price2010fasttree,
  title={FastTree 2--approximately maximum-likelihood trees for large alignments},
  author={Price, Morgan N and Dehal, Paramvir S and Arkin, Adam P},
  journal={PloS one},
  volume={5},
  number={3},
  pages={e9490},
  year={2010},
  publisher={Public Library of Science}
}

@article{geer2010ncbi,
  title={The NCBI biosystems database},
  author={Geer, Lewis Y and Marchler-Bauer, Aron and Geer, Renata C and Han, Lianyi and He, Jane and He, Siqian and Liu, Chunlei and Shi, Wenyao and Bryant, Stephen H},
  journal={Nucleic acids research},
  volume={38},
  number={suppl\_1},
  pages={D492--D496},
  year={2010},
  publisher={Oxford University Press}
}
