% Quelques chiffres

@article{ley2006ecological,
  title={Ecological and evolutionary forces shaping microbial diversity in the human intestine},
  author={Ley, Ruth E and Peterson, Daniel A and Gordon, Jeffrey I},
  journal={Cell},
  volume={124},
  number={4},
  pages={837--848},
  year={2006},
  publisher={Elsevier}
}

@article{zhernakova2016population,
  title={Population-based metagenomics analysis reveals markers for gut microbiome composition and diversity},
  author={Zhernakova, Alexandra and Kurilshikov, Alexander and Bonder, Marc Jan and Tigchelaar, Ettje F and Schirmer, Melanie and Vatanen, Tommi and Mujagic, Zlatan and Vila, Arnau Vich and Falony, Gwen and Vieira-Silva, Sara and others},
  journal={Science},
  volume={352},
  number={6285},
  pages={565--569},
  year={2016},
  publisher={American Association for the Advancement of Science}
}

% Environnements

@article{aronson2017specific,
  title={The specific and exclusive microbiome of the deep-sea bone-eating snail, Rubyspira osteovora},
  author={Aronson, Heidi S and Zellmer, Amanda J and Goffredi, Shana K},
  journal={FEMS Microbiology Ecology},
  volume={93},
  number={3},
  pages={fiw250},
  year={2017},
  publisher={Oxford University Press}
}

@article{araya2020microbiome,
  title={Microbiome dynamics associated with the Atacama flowering desert},
  author={Araya, Juan Pablo and Gonz{\'a}lez, M{\'a}ximo and Cardinale, Massimiliano and Schnell, Sylvia and Stoll, Alexandra},
  journal={Frontiers in microbiology},
  volume={10},
  pages={3160},
  year={2020},
  publisher={Frontiers}
}

@article{bokulich2016antibiotics,
  title={Antibiotics, birth mode, and diet shape microbiome maturation during early life},
  author={Bokulich, Nicholas A and Chung, Jennifer and Battaglia, Thomas and Henderson, Nora and Jay, Melanie and Li, Huilin and Lieber, Arnon D and Wu, Fen and Perez-Perez, Guillermo I and Chen, Yu and others},
  journal={Science translational medicine},
  volume={8},
  number={343},
  pages={343ra82--343ra82},
  year={2016},
  publisher={American Association for the Advancement of Science}
}

@article{palleja2018recovery,
  title={Recovery of gut microbiota of healthy adults following antibiotic exposure},
  author={Palleja, Albert and Mikkelsen, Kristian H and Forslund, Sofia K and Kashani, Alireza and Allin, Kristine H and Nielsen, Trine and Hansen, Tue H and Liang, Suisha and Feng, Qiang and Zhang, Chenchen and others},
  journal={Nature microbiology},
  volume={3},
  number={11},
  pages={1255--1265},
  year={2018},
  publisher={Nature Publishing Group}
}

@article{david2014diet,
  title={Diet rapidly and reproducibly alters the human gut microbiome},
  author={David, Lawrence A and Maurice, Corinne F and Carmody, Rachel N and Gootenberg, David B and Button, Julie E and Wolfe, Benjamin E and Ling, Alisha V and Devlin, A Sloan and Varma, Yug and Fischbach, Michael A and others},
  journal={Nature},
  volume={505},
  number={7484},
  pages={559--563},
  year={2014},
  publisher={Nature Publishing Group}
}

@article{kates2020household,
  title={Household Pet Ownership and the Microbial Diversity of the Human Gut Microbiota},
  author={Kates, Ashley E and Jarrett, Omar and Skarlupka, Joseph H and Sethi, Ajay and Duster, Megan and Watson, Lauren and Suen, Garret and Poulsen, Keith and Safdar, Nasia},
  journal={Frontiers in Cellular and Infection Microbiology},
  volume={10},
  pages={73},
  year={2020},
  publisher={Frontiers}
}

@article{otoole2010gut,
  title={Gut microbiota: changes throughout the lifespan from infancy to elderly},
  author={O'Toole, Paul W and Claesson, Marcus J},
  journal={International Dairy Journal},
  volume={20},
  number={4},
  pages={281--291},
  year={2010},
  publisher={Elsevier}
}

@article{yatsunenko2012human,
  title={Human gut microbiome viewed across age and geography},
  author={Yatsunenko, Tanya and Rey, Federico E and Manary, Mark J and Trehan, Indi and Dominguez-Bello, Maria Gloria and Contreras, Monica and Magris, Magda and Hidalgo, Glida and Baldassano, Robert N and Anokhin, Andrey P and others},
  journal={nature},
  volume={486},
  number={7402},
  pages={222--227},
  year={2012},
  publisher={Nature Publishing Group}
}

@article{jousset2017less,
  title={Where less may be more: how the rare biosphere pulls ecosystems strings},
  author={Jousset, Alexandre and Bienhold, Christina and Chatzinotas, Antonis and Gallien, Laure and Gobet, Ang{\'e}lique and Kurm, Viola and K{\"u}sel, Kirsten and Rillig, Matthias C and Rivett, Damian W and Salles, Joana F and others},
  journal={The ISME journal},
  volume={11},
  number={4},
  pages={853--862},
  year={2017},
  publisher={Nature Publishing Group}
}

@article{philippot2010ecological,
  title={The ecological coherence of high bacterial taxonomic ranks},
  author={Philippot, Laurent and Andersson, Siv GE and Battin, Tom J and Prosser, James I and Schimel, Joshua P and Whitman, William B and Hallin, Sara},
  journal={Nature Reviews Microbiology},
  volume={8},
  number={7},
  pages={523--529},
  year={2010},
  publisher={Nature Publishing Group}
}

% RÃ´le

@article{flint2012microbial,
  title={Microbial degradation of complex carbohydrates in the gut},
  author={Flint, Harry J and Scott, Karen P and Duncan, Sylvia H and Louis, Petra and Forano, Evelyne},
  journal={Gut microbes},
  volume={3},
  number={4},
  pages={289--306},
  year={2012},
  publisher={Taylor \& Francis}
}

@article{rowland2018gut,
  title={Gut microbiota functions: metabolism of nutrients and other food components},
  author={Rowland, Ian and Gibson, Glenn and Heinken, Almut and Scott, Karen and Swann, Jonathan and Thiele, Ines and Tuohy, Kieran},
  journal={European journal of nutrition},
  volume={57},
  number={1},
  pages={1--24},
  year={2018},
  publisher={Springer}
}

@article{arumugam2011enterotypes,
  title={Enterotypes of the human gut microbiome},
  author={Arumugam, Manimozhiyan and Raes, Jeroen and Pelletier, Eric and Le Paslier, Denis and Yamada, Takuji and Mende, Daniel R and Fernandes, Gabriel R and Tap, Julien and Bruls, Thomas and Batto, Jean-Michel and others},
  journal={nature},
  volume={473},
  number={7346},
  pages={174--180},
  year={2011},
  publisher={Nature Publishing Group}
}

@article{hehemann2010transfer,
  title={Transfer of carbohydrate-active enzymes from marine bacteria to Japanese gut microbiota},
  author={Hehemann, Jan-Hendrik and Correc, Ga{\"e}lle and Barbeyron, Tristan and Helbert, William and Czjzek, Mirjam and Michel, Gurvan},
  journal={Nature},
  volume={464},
  number={7290},
  pages={908--912},
  year={2010},
  publisher={Nature Publishing Group}
}

@article{blander2017regulation,
  title={Regulation of inflammation by microbiota interactions with the host},
  author={Blander, J Magarian and Longman, Randy S and Iliev, Iliyan D and Sonnenberg, Gregory F and Artis, David},
  journal={Nature immunology},
  volume={18},
  number={8},
  pages={851--860},
  year={2017},
  publisher={Nature Publishing Group}
}

@article{canani2011potential,
  title={Potential beneficial effects of butyrate in intestinal and extraintestinal diseases},
  author={Canani, Roberto Berni and Di Costanzo, Margherita and Leone, Ludovica and Pedata, Monica and Meli, Rosaria and Calignano, Antonio},
  journal={World journal of gastroenterology: WJG},
  volume={17},
  number={12},
  pages={1519},
  year={2011},
  publisher={Baishideng Publishing Group Inc}
}

@article{valdez2014influence,
  title={Influence of the microbiota on vaccine effectiveness},
  author={Valdez, Yanet and Brown, Eric M and Finlay, B Brett},
  journal={Trends in immunology},
  volume={35},
  number={11},
  pages={526--537},
  year={2014},
  publisher={Elsevier}
}

@article{eloe2013impact,
  title={Impact of oral typhoid vaccination on the human gut microbiota and correlations with S. Typhi-specific immunological responses},
  author={Eloe-Fadrosh, Emiley A and McArthur, Monica A and Seekatz, Anna M and Drabek, Elliott F and Rasko, David A and Sztein, Marcelo B and Fraser, Claire M},
  journal={PloS one},
  volume={8},
  number={4},
  pages={e62026},
  year={2013},
  publisher={Public Library of Science}
}

@article{fan2015activation,
  title={Activation of HIF-1$\alpha$ and LL-37 by commensal bacteria inhibits Candida albicans colonization},
  author={Fan, Di and Coughlin, Laura A and Neubauer, Megan M and Kim, Jiwoong and Kim, Min Soo and Zhan, Xiaowei and Simms-Waldrip, Tiffany R and Xie, Yang and Hooper, Lora V and Koh, Andrew Y},
  journal={Nature medicine},
  volume={21},
  number={7},
  pages={808},
  year={2015},
  publisher={Nature Publishing Group}
}

@article{cryan2019microbiota,
  title={The microbiota-gut-brain axis},
  author={Cryan, John F and O'Riordan, Kenneth J and Cowan, Caitlin SM and Sandhu, Kiran V and Bastiaanssen, Thomaz FS and Boehme, Marcus and Codagnone, Martin G and Cussotto, Sofia and Fulling, Christine and Golubeva, Anna V and others},
  journal={Physiological reviews},
  volume={99},
  number={4},
  pages={1877--2013},
  year={2019},
  publisher={American Physiological Society Bethesda, MD}
}

@article{schretter2018gut,
  title={A gut microbial factor modulates locomotor behaviour in Drosophila},
  author={Schretter, Catherine E and Vielmetter, Jost and Bartos, Imre and Marka, Zsuzsa and Marka, Szabolcs and Argade, Sulabha and Mazmanian, Sarkis K},
  journal={Nature},
  volume={563},
  number={7731},
  pages={402--406},
  year={2018},
  publisher={Nature Publishing Group}
}

@article{sharon2010commensal,
  title={Commensal bacteria play a role in mating preference of Drosophila melanogaster},
  author={Sharon, Gil and Segal, Daniel and Ringo, John M and Hefetz, Abraham and Zilber-Rosenberg, Ilana and Rosenberg, Eugene},
  journal={Proceedings of the National Academy of Sciences},
  volume={107},
  number={46},
  pages={20051--20056},
  year={2010},
  publisher={National Acad Sciences}
}

@article{jaglin2018indole,
  title={Indole, a signaling molecule produced by the gut microbiota, negatively impacts emotional behaviors in rats},
  author={Jaglin, Mathilde and Rhimi, Moez and Philippe, Catherine and Pons, Nicolas and Bruneau, Aur{\'e}lia and Goustard, B{\'e}n{\'e}dicte and Daug{\'e}, Val{\'e}rie and Maguin, Emmanuelle and Naudon, Laurent and Rabot, Sylvie},
  journal={Frontiers in neuroscience},
  volume={12},
  pages={216},
  year={2018},
  publisher={Frontiers}
}
% Maladies

@article{qin2012metagenome,
  title={A metagenome-wide association study of gut microbiota in type 2 diabetes},
  author={Qin, Junjie and Li, Yingrui and Cai, Zhiming and Li, Shenghui and Zhu, Jianfeng and Zhang, Fan and Liang, Suisha and Zhang, Wenwei and Guan, Yuanlin and Shen, Dongqian and others},
  journal={Nature},
  volume={490},
  number={7418},
  pages={55--60},
  year={2012},
  publisher={Nature Publishing Group}
}

@article{turnbaugh2009core,
  title={A core gut microbiome in obese and lean twins},
  author={Turnbaugh, Peter J and Hamady, Micah and Yatsunenko, Tanya and Cantarel, Brandi L and Duncan, Alexis and Ley, Ruth E and Sogin, Mitchell L and Jones, William J and Roe, Bruce A and Affourtit, Jason P and others},
  journal={nature},
  volume={457},
  number={7228},
  pages={480--484},
  year={2009},
  publisher={Nature Publishing Group}
}

@article{qin2014alterations,
  title={Alterations of the human gut microbiome in liver cirrhosis},
  author={Qin, Nan and Yang, Fengling and Li, Ang and Prifti, Edi and Chen, Yanfei and Shao, Li and Guo, Jing and Le Chatelier, Emmanuelle and Yao, Jian and Wu, Lingjiao and others},
  journal={Nature},
  volume={513},
  number={7516},
  pages={59--64},
  year={2014},
  publisher={Nature Publishing Group}
}

@article{morgan2012dysfunction,
  title={Dysfunction of the intestinal microbiome in inflammatory bowel disease and treatment},
  author={Morgan, Xochitl C and Tickle, Timothy L and Sokol, Harry and Gevers, Dirk and Devaney, Kathryn L and Ward, Doyle V and Reyes, Joshua A and Shah, Samir A and LeLeiko, Neal and Snapper, Scott B and others},
  journal={Genome biology},
  volume={13},
  number={9},
  pages={R79},
  year={2012},
  publisher={Springer}
}

@article{chong2019microbiome,
  title={The microbiome and irritable bowel syndrome--a review on the pathophysiology, current research and future therapy},
  author={Chong, Pei Pei and Chin, Voon Kin and Looi, Chung Yeng and Wong, Won Fen and Madhavan, Priya and Yong, Voon Chen},
  journal={Frontiers in microbiology},
  volume={10},
  pages={1136},
  year={2019},
  publisher={Frontiers}
}

@article{cekanaviciute2017gut,
  title={Gut bacteria from multiple sclerosis patients modulate human T cells and exacerbate symptoms in mouse models},
  author={Cekanaviciute, Egle and Yoo, Bryan B and Runia, Tessel F and Debelius, Justine W and Singh, Sneha and Nelson, Charlotte A and Kanner, Rachel and Bencosme, Yadira and Lee, Yun Kyung and Hauser, Stephen L and others},
  journal={Proceedings of the National Academy of Sciences},
  volume={114},
  number={40},
  pages={10713--10718},
  year={2017},
  publisher={National Acad Sciences}
}

@article{stokholm2018maturation,
  title={Maturation of the gut microbiome and risk of asthma in childhood},
  author={Stokholm, Jakob and Blaser, Martin J and Thorsen, Jonathan and Rasmussen, Morten A and Waage, Johannes and Vinding, Rebecca K and Schoos, Ann-Marie M and Kun{\o}e, Asja and Fink, Nadia R and Chawes, Bo L and others},
  journal={Nature communications},
  volume={9},
  number={1},
  pages={1--10},
  year={2018},
  publisher={Nature Publishing Group}
}

@article{foster2013gut,
  title={Gut--brain axis: how the microbiome influences anxiety and depression},
  author={Foster, Jane A and Neufeld, Karen-Anne McVey},
  journal={Trends in neurosciences},
  volume={36},
  number={5},
  pages={305--312},
  year={2013},
  publisher={Elsevier}
}

@article{zheng2019gut,
  title={The gut microbiome from patients with schizophrenia modulates the glutamate-glutamine-GABA cycle and schizophrenia-relevant behaviors in mice},
  author={Zheng, Peng and Zeng, Benhua and Liu, Meiling and Chen, Jianjun and Pan, Junxi and Han, Yu and Liu, Yiyun and Cheng, Ke and Zhou, Chanjuan and Wang, Haiyang and others},
  journal={Science advances},
  volume={5},
  number={2},
  pages={eaau8317},
  year={2019},
  publisher={American Association for the Advancement of Science}
}

@article{ding2019selective,
  title={Selective Microbiota Transplantation is Effective for Controlling Touretteâs Syndrome},
  author={Ding, Xiao and Zhang, Faming and Li, Qianqian and Ting, Zhang and Cui, Bota and Li, Pan},
  journal={Gastroenterology},
  volume={156},
  number={6},
  pages={S--456},
  year={2019},
  publisher={Elsevier}
}

@article{pistollato2016role,
  title={Role of gut microbiota and nutrients in amyloid formation and pathogenesis of Alzheimer disease},
  author={Pistollato, Francesca and Sumalla Cano, Sandra and Elio, I{\~n}aki and Masias Vergara, Manuel and Giampieri, Francesca and Battino, Maurizio},
  journal={Nutrition reviews},
  volume={74},
  number={10},
  pages={624--634},
  year={2016},
  publisher={Oxford University Press}
}

@article{bedarf2017functional,
  title={Functional implications of microbial and viral gut metagenome changes in early stage L-DOPA-naÃ¯ve Parkinsonâs disease patients},
  author={Bedarf, Janis R and Hildebrand, Falk and Coelho, Luis P and Sunagawa, Shinichi and Bahram, Mohammad and Goeser, Felix and Bork, Peer and WÃ¼llner, Ullrich},
  journal={Genome medicine},
  volume={9},
  number={1},
  pages={1--13},
  year={2017},
  publisher={BioMed Central}
}

@article{abrahamsson2012low,
  title={Low diversity of the gut microbiota in infants with atopic eczema},
  author={Abrahamsson, Thomas R and Jakobsson, Hedvig E and Andersson, Anders F and Bj{\"o}rkst{\'e}n, Bengt and Engstrand, Lars and Jenmalm, Maria C},
  journal={Journal of allergy and clinical immunology},
  volume={129},
  number={2},
  pages={434--440},
  year={2012},
  publisher={Elsevier}
}

@article{kelly2016gut,
  title={Gut microbiome associates with lifetime cardiovascular disease risk profile among bogalusa heart study participants},
  author={Kelly, Tanika N and Bazzano, Lydia A and Ajami, Nadim J and He, Hua and Zhao, Jinying and Petrosino, Joseph F and Correa, Adolfo and He, Jiang},
  journal={Circulation research},
  volume={119},
  number={8},
  pages={956--964},
  year={2016},
  publisher={Am Heart Assoc}
}

@article{zeller2014potential,
  title={Potential of fecal microbiota for early-stage detection of colorectal cancer},
  author={Zeller, Georg and Tap, Julien and Voigt, Anita Y and Sunagawa, Shinichi and Kultima, Jens Roat and Costea, Paul I and Amiot, Aur{\'e}lien and B{\"o}hm, J{\"u}rgen and Brunetti, Francesco and Habermann, Nina and others},
  journal={Molecular systems biology},
  volume={10},
  number={11},
  pages={766},
  year={2014}
}

%% Utilisations

@article{gibson2017expert,
  title={Expert consensus document: The International Scientific Association for Probiotics and Prebiotics (ISAPP) consensus statement on the definition and scope of prebiotics},
  author={Gibson, Glenn R and Hutkins, Robert and Sanders, Mary Ellen and Prescott, Susan L and Reimer, Raylene A and Salminen, Seppo J and Scott, Karen and Stanton, Catherine and Swanson, Kelly S and Cani, Patrice D and others},
  journal={Nature reviews Gastroenterology \& hepatology},
  volume={14},
  number={8},
  pages={491},
  year={2017},
  publisher={Nature Publishing Group}
}

@article{pinto2017probiotic,
  title={Probiotic Bifidobacterium longum NCC3001 reduces depression scores and alters brain activity: a pilot study in patients with irritable bowel syndrome},
  author={Pinto-Sanchez, Maria Ines and Hall, Geoffrey B and Ghajar, Kathy and Nardelli, Andrea and Bolino, Carolina and Lau, Jennifer T and Martin, Francois-Pierre and Cominetti, Ornella and Welsh, Christopher and Rieder, Amber and others},
  journal={Gastroenterology},
  volume={153},
  number={2},
  pages={448--459},
  year={2017},
  publisher={Elsevier}
}

@misc{sakwinska2017prebiotics,
  title={Prebiotics for reducing the risk of obesity later in life},
  author={Sakwinska, Olga and Berger, Bernard and Zolezzi, Irma Silva and Holbrook, Joanna},
  year={2017},
  month=sep # "~28",
  publisher={WO2016026684A1},
  note={US Patent App. 15/504,916}
}

@article{zhang2012should,
  title={Should we standardize the 1,700-year-old fecal microbiota transplantation?},
  author={Zhang, Faming and Luo, Wensheng and Shi, Yan and Fan, Zhining and Ji, Guozhong},
  journal={American Journal of Gastroenterology},
  volume={107},
  number={11},
  pages={1755},
  year={2012},
  publisher={LWW}
}

@article{nood2013duodenal,
  title={Duodenal infusion of donor feces for recurrent Clostridium difficile},
  author={Van Nood, Els and Vrieze, Anne and Nieuwdorp, Max and Fuentes, Susana and Zoetendal, Erwin G and de Vos, Willem M and Visser, Caroline E and Kuijper, Ed J and Bartelsman, Joep FWM and Tijssen, Jan GP and others},
  journal={New England Journal of Medicine},
  volume={368},
  number={5},
  pages={407--415},
  year={2013},
  publisher={Mass Medical Soc}
}

@inproceedings{mohty2018odyssee,
  title={The Odyssee Study: Prevention of Dysbiosis Complications with Autologous Fecal Microbiota Transfer (FMT) in Acute Myeloid Leukemia (AML) Patients Undergoing Intensive Treatment: Results of a Prospective Multicenter Trial},
  author={Mohty, Mohamad and Malard, Florent and Vekhoff, Anne and Lapusan, Simona and Isnard, Fran{\c{c}}oise and d'Incan, Evelyne and Rey, J{\'e}r{\^o}me and Saillard, Colombe and Thomas, Xavier and Ducastelle-Lepretre, Sophie and others},
  booktitle={60th Annual Meeting of the American-Society-of-Hematology (ASH)},
  volume={132},
  pages={4},
  year={2018},
  organization={AMER SOC HEMATOLOGY}
}

@article{kenny2020cholesterol,
  title={Cholesterol metabolism by uncultured human gut bacteria influences host cholesterol level},
  author={Kenny, Douglas J and Plichta, Damian R and Shungin, Dmitry and Koppel, Nitzan and Hall, A Brantley and Fu, Beverly and Vasan, Ramachandran S and Shaw, Stanley Y and Vlamakis, Hera and Balskus, Emily P and others},
  journal={Cell Host \& Microbe},
  year={2020},
  publisher={Elsevier}
}

@article{reardon2018faecal,
  title={Faecal transplants could help preserve vulnerable species},
  author={Reardon, Sara},
  journal={Nature},
  volume={558},
  number={7709},
  pages={173--175},
  year={2018},
  publisher={Nature Publishing Group}
}

@article{ekekezie2020understanding,
  title={Understanding the scope of do-it-yourself fecal microbiota transplant},
  author={Ekekezie, Chiazotam and Perler, Bryce K and Wexler, Anna and Duff, Catherine and Lillis, Christian John and Kelly, Colleen R},
  journal={American Journal of Gastroenterology},
  volume={115},
  number={4},
  pages={603--607},
  year={2020},
  publisher={LWW}
}

@article{mai2011fecal,
  title={Fecal microbiota in premature infants prior to necrotizing enterocolitis},
  author={Mai, Volker and Young, Christopher Michael and Ukhanova, Maria and Wang, Xiaoyu and Sun, Yijun and Casella, George and Theriaque, Douglas and Li, Nan and Sharma, Renu and Hudak, Mark and others},
  journal={PloS one},
  volume={6},
  number={6},
  pages={e20647},
  year={2011},
  publisher={Public Library of Science}
}

@misc{chene2019microbiome,
  title={Microbiome derived peptides stimulate strong immune response against tumor associated antigens and trigger in vivo tumor regression after vaccination},
  author={Chene, Laurent and Sader, Caroline Diveu and Magalhaes, Joao and Strozzi, Francesco and Tibaldi, Lorenzo and Mendez, Celia and Baeriswyl, Simon and Laveissiere, Arnaud and Bonny, Christophe},
  year={2019},
  publisher={AACR}
}

% Conservation

@article{sergeant2012high,
  title={High-throughput sequencing of 16S rRNA gene amplicons: effects of extraction procedure, primer length and annealing temperature},
  author={Sergeant, Martin J and Constantinidou, Chrystala and Cogan, Tristan and Penn, Charles W and Pallen, Mark J},
  journal={PloS one},
  volume={7},
  number={5},
  pages={e38094},
  year={2012},
  publisher={Public Library of Science}
}

@article{cuthbertson2014time,
  title={Time between collection and storage significantly influences bacterial sequence composition in sputum samples from cystic fibrosis respiratory infections},
  author={Cuthbertson, Leah and Rogers, Geraint B and Walker, Alan W and Oliver, Anna and Hafiz, Tarana and Hoffman, Lucas R and Carroll, Mary P and Parkhill, Julian and Bruce, Kenneth D and Van Der Gast, Christopher J},
  journal={Journal of clinical microbiology},
  volume={52},
  number={8},
  pages={3011--3016},
  year={2014},
  publisher={Am Soc Microbiol}
}

% Data deluge

@article{sagoff2012data,
  title={Data deluge and the human microbiome project},
  author={Sagoff, Mark},
  journal={Issues in Science and Technology},
  volume={28},
  number={4},
  pages={71--78},
  year={2012},
  publisher={JSTOR}
}

%% Traits biologiques et OU

@article{freckleton2003bergmann,
  title={Bergmannâs rule and body size in mammals},
  author={Freckleton, Robert P and Harvey, Paul H and Pagel, Mark},
  journal={The American Naturalist},
  volume={161},
  number={5},
  pages={821--825},
  year={2003},
  publisher={The University of Chicago Press}
}
