@article{pasolli2017accessible,
  title={Accessible, curated metagenomic data through ExperimentHub},
  author={Pasolli, Edoardo and Schiffer, Lucas and Manghi, Paolo and Renson, Audrey and Obenchain, Valerie and Truong, Duy Tin and Beghini, Francesco and Malik, Faizan and Ramos, Marcel and Dowd, Jennifer B and others},
  journal={Nature methods},
  volume={14},
  number={11},
  pages={1023},
  year={2017},
  publisher={Nature Publishing Group}
}

@article{caporaso2011global,
  title={Global patterns of 16S rRNA diversity at a depth of millions of sequences per sample},
  author={Caporaso, J Gregory and Lauber, Christian L and Walters, William A and Berg-Lyons, Donna and Lozupone, Catherine A and Turnbaugh, Peter J and Fierer, Noah and Knight, Rob},
  journal={Proceedings of the national academy of sciences},
  volume={108},
  number={Supplement 1},
  pages={4516--4522},
  year={2011},
  publisher={National Acad Sciences}
}

@article{wu2011linking,
  title={Linking long-term dietary patterns with gut microbial enterotypes},
  author={Wu, Gary D and Chen, Jun and Hoffmann, Christian and Bittinger, Kyle and Chen, Ying-Yu and Keilbaugh, Sue A and Bewtra, Meenakshi and Knights, Dan and Walters, William A and Knight, Rob and others},
  journal={Science},
  volume={334},
  number={6052},
  pages={105--108},
  year={2011},
  publisher={American Association for the Advancement of Science}
}

@article{brito2016mobile,
  title={Mobile genes in the human microbiome are structured from global to individual scales},
  author={Brito, Ilana L and Yilmaz, S and Huang, K and Xu, Liyi and Jupiter, Stacy D and Jenkins, Aaron P and Naisilisili, Waisea and Tamminen, M and Smillie, CS and Wortman, Jennifer R and others},
  journal={Nature},
  volume={535},
  number={7612},
  pages={435--439},
  year={2016},
  publisher={Nature Publishing Group}
}

@article{chaillou2015origin,
  title={Origin and ecological selection of core and food-specific bacterial communities associated with meat and seafood spoilage},
  author={Chaillou, St{\'e}phane and Chaulot-Talmon, Aur{\'e}lie and Caekebeke, H{\'e}l{\`e}ne and Cardinal, Mireille and Christieans, Souad and Denis, Catherine and Desmonts, Marie Helene and Dousset, Xavier and Feurer, Carole and Hamon, Erwann and others},
  journal={The ISME journal},
  volume={9},
  number={5},
  pages={1105--1118},
  year={2015},
  publisher={Nature Publishing Group}
}

@article{ravel2011vaginal,
  title={Vaginal microbiome of reproductive-age women},
  author={Ravel, Jacques and Gajer, Pawel and Abdo, Zaid and Schneider, G Maria and Koenig, Sara SK and McCulle, Stacey L and Karlebach, Shara and Gorle, Reshma and Russell, Jennifer and Tacket, Carol O and others},
  journal={Proceedings of the National Academy of Sciences},
  volume={108},
  number={Supplement 1},
  pages={4680--4687},
  year={2011},
  publisher={National Acad Sciences}
}

@article{wu2011linking,
  title={Linking long-term dietary patterns with gut microbial enterotypes},
  author={Wu, Gary D and Chen, Jun and Hoffmann, Christian and Bittinger, Kyle and Chen, Ying-Yu and Keilbaugh, Sue A and Bewtra, Meenakshi and Knights, Dan and Walters, William A and Knight, Rob and others},
  journal={Science},
  volume={334},
  number={6052},
  pages={105--108},
  year={2011},
  publisher={American Association for the Advancement of Science}
}

@article{mcdonald2018american,
  title={American Gut: an open platform for citizen science microbiome research},
  author={McDonald, Daniel and Hyde, Embriette and Debelius, Justine W and Morton, James T and Gonzalez, Antonio and Ackermann, Gail and Aksenov, Alexander A and Behsaz, Bahar and Brennan, Caitriona and Chen, Yingfeng and others},
  journal={Msystems},
  volume={3},
  number={3},
  pages={e00031--18},
  year={2018},
  publisher={Am Soc Microbiol}
}
