% Optimisation

@article{polyak1987introduction,
  title={Introduction to optimization. optimization software},
  author={Polyak, Boris T},
  journal={Inc., Publications Division, New York},
  volume={1},
  year={1987}
}
