@article{bichat2020incorporating,
    title={Incorporating Phylogenetic Information in Microbiome Differential Abundance Studies Has No Effect on Detection Power and FDR Control},
    author={Bichat, Antoine and Plassais, Jonathan and Ambroise, Christophe and Mariadassou, Mahendra},
    journal={Frontiers in Microbiology},
    volume={11},
    pages={649},
    year={2020},
    url={https://www.frontiersin.org/article/10.3389/fmicb.2020.00649},
    doi={10.3389/fmicb.2020.00649},
    issn={1664-302X}
}

%% Livres

@book{xia2018statistical,
  title={Statistical analysis of microbiome data with R},
  author={Xia, Yinglin and Sun, Jun and Chen, Ding-Geng},
  year={2018},
  publisher={Springer}
}

%% R

@Manual{r2020,
    title = {R: A Language and Environment for Statistical Computing},
    author = {{R Core Team}},
    organization = {R Foundation for Statistical Computing},
    address = {Vienna, Austria},
    year = {2020},
    url = {https://www.R-project.org/}
}

@article{tidyverse2019,
    title = {Welcome to the {tidyverse}},
    author = {Hadley Wickham and Mara Averick and Jennifer Bryan and Winston Chang and Lucy D'Agostino McGowan and Romain François and Garrett Grolemund and Alex Hayes and Lionel Henry and Jim Hester and Max Kuhn and Thomas Lin Pedersen and Evan Miller and Stephan Milton Bache and Kirill Müller and Jeroen Ooms and David Robinson and Dana Paige Seidel and Vitalie Spinu and Kohske Takahashi and Davis Vaughan and Claus Wilke and Kara Woo and Hiroaki Yutani},
    year = {2019},
    journal = {Journal of Open Source Software},
    volume = {4},
    number = {43},
    pages = {1686},
    doi = {10.21105/joss.01686},
  }

@article{yu2017ggtree,
  title={ggtree: an R package for visualization and annotation of phylogenetic trees with their covariates and other associated data},
  author={Yu, Guangchuang and Smith, David K and Zhu, Huachen and Guan, Yi and Lam, Tommy Tsan-Yuk},
  journal={Methods in Ecology and Evolution},
  volume={8},
  number={1},
  pages={28--36},
  year={2017},
  publisher={Wiley Online Library}
}
