@article{xiao2017false,
  title={False discovery rate control incorporating phylogenetic tree increases detection power in microbiome-wide multiple testing},
  author={Xiao, Jian and Cao, Hongyuan and Chen, Jun},
  journal={Bioinformatics},
  volume={33},
  number={18},
  pages={2873--2881},
  year={2017},
  publisher={Oxford University Press}
}

@article{yekutieli2008hierarchical,
  title={Hierarchical false discovery rate--controlling methodology},
  author={Yekutieli, Daniel},
  journal={Journal of the American Statistical Association},
  volume={103},
  number={481},
  pages={309--316},
  year={2008},
  publisher={Taylor \& Francis}
}

@article{sankaran2014structssi,
  title={structSSI: simultaneous and selective inference for grouped or hierarchically structured data},
  author={Sankaran, Kris and Holmes, Susan},
  journal={Journal of statistical software},
  volume={59},
  number={13},
  pages={1},
  year={2014},
  publisher={NIH Public Access}
}

@article{huang2020treeclimbr,
  author = {Huang, Ruizhu and Soneson, Charlotte and Germain, Pierre-Luc and Schmidt, Thomas and von Mering, Christian and Robinson, Mark},
  year = {2020},
  month = {06},
  pages = {},
  title = {treeclimbR pinpoints the data-dependent resolution of hierarchical hypotheses},
  doi = {10.1101/2020.06.08.140608}
}
