%% Wilcoxon

@article{mann1947test,
  title={On a test of whether one of two random variables is stochastically larger than the other},
  author={Mann, Henry B and Whitney, Donald R},
  journal={The annals of mathematical statistics},
  pages={50--60},
  year={1947},
  publisher={JSTOR}
}

@incollection{wilcoxon1992individual,
  title={Individual comparisons by ranking methods},
  author={Wilcoxon, Frank},
  booktitle={Breakthroughs in statistics},
  pages={196--202},
  year={1992},
  publisher={Springer}
}

%% Kruskal-Wallis

@article{kruskal1952use,
  title={Use of ranks in one-criterion variance analysis},
  author={Kruskal, William H and Wallis, W Allen},
  journal={Journal of the American statistical Association},
  volume={47},
  number={260},
  pages={583--621},
  year={1952},
  publisher={Taylor \& Francis Group}
}

%% Lasso

@article{tibshirani1996regression,
  title={Regression shrinkage and selection via the lasso},
  author={Tibshirani, Robert},
  journal={Journal of the Royal Statistical Society: Series B (Methodological)},
  volume={58},
  number={1},
  pages={267--288},
  year={1996},
  publisher={Wiley Online Library}
}

%% Shooting

@article{fu1998penalized,
  title={Penalized regressions: the bridge versus the lasso},
  author={Fu, Wenjiang J},
  journal={Journal of computational and graphical statistics},
  volume={7},
  number={3},
  pages={397--416},
  year={1998},
  publisher={Taylor \& Francis}
}

%% Scaled lasso

@article{sun2012scaled,
  title={Scaled sparse linear regression},
  author={Sun, Tingni and Zhang, Cun-Hui},
  journal={Biometrika},
  volume={99},
  number={4},
  pages={879--898},
  year={2012},
  publisher={Oxford University Press}
}

%% Desparsification

@article{zhang2014confidence,
  title={Confidence intervals for low dimensional parameters in high dimensional linear models},
  author={Zhang, Cun-Hui and Zhang, Stephanie S},
  journal={Journal of the Royal Statistical Society: Series B (Statistical Methodology)},
  volume={76},
  number={1},
  pages={217--242},
  year={2014},
  publisher={Wiley Online Library}
}

@inproceedings{javanmard2013confidence,
  title={Confidence intervals and hypothesis testing for high-dimensional statistical models},
  author={Javanmard, Adel and Montanari, Andrea},
  booktitle={Advances in Neural Information Processing Systems},
  pages={1187--1195},
  year={2013}
}

@article{javanmard2014confidence,
  title={Confidence intervals and hypothesis testing for high-dimensional regression},
  author={Javanmard, Adel and Montanari, Andrea},
  journal={The Journal of Machine Learning Research},
  volume={15},
  number={1},
  pages={2869--2909},
  year={2014},
  publisher={JMLR. org}
}

@article{javanmard2019false,
  title={False discovery rate control via debiased lasso},
  author={Javanmard, Adel and Javadi, Hamid and others},
  journal={Electronic Journal of Statistics},
  volume={13},
  number={1},
  pages={1212--1253},
  year={2019},
  publisher={The Institute of Mathematical Statistics and the Bernoulli Society}
}

%% Variables corrélées

@article{park2007averaged,
  title={Averaged gene expressions for regression},
  author={Park, Mee Young and Hastie, Trevor and Tibshirani, Robert},
  journal={Biostatistics},
  volume={8},
  number={2},
  pages={212--227},
  year={2007},
  publisher={Oxford University Press}
}

%% Sélection de modèle

@article{khabbazian2016fast,
  title={Fast and accurate detection of evolutionary shifts in Ornstein--Uhlenbeck models},
  author={Khabbazian, Mohammad and Kriebel, Ricardo and Rohe, Karl and An{\'e}, C{\'e}cile},
  journal={Methods in Ecology and Evolution},
  volume={7},
  number={7},
  pages={811--824},
  year={2016},
  publisher={Wiley Online Library}
}

@article{baudry2012slope,
  title={Slope heuristics: overview and implementation},
  author={Baudry, Jean-Patrick and Maugis, Cathy and Michel, Bertrand},
  journal={Statistics and Computing},
  volume={22},
  number={2},
  pages={455--470},
  year={2012},
  publisher={Springer}
}

%% PCOA

@article{gower1966some,
  title={Some distance properties of latent root and vector methods used in multivariate analysis},
  author={Gower, John C},
  journal={Biometrika},
  volume={53},
  number={3-4},
  pages={325--338},
  year={1966},
  publisher={Oxford University Press}
}

%% PAM

@article{reynolds2006clustering,
  title={Clustering rules: a comparison of partitioning and hierarchical clustering algorithms},
  author={Reynolds, Alan P and Richards, Graeme and de la Iglesia, Beatriz and Rayward-Smith, Victor J},
  journal={Journal of Mathematical Modelling and Algorithms},
  volume={5},
  number={4},
  pages={475--504},
  year={2006},
  publisher={Springer}
}

%% Bootstrap

@article{felsenstein1985confidence,
  title={Confidence limits on phylogenies: an approach using the bootstrap},
  author={Felsenstein, Joseph},
  journal={Evolution},
  volume={39},
  number={4},
  pages={783--791},
  year={1985},
  publisher={Wiley Online Library}
}

%% Tests multiples

@article{tukey1953problem,
  title={The problem of multiple comparisons},
  author={Tukey, John Wilder},
  journal={Multiple comparisons},
  year={1953},
  publisher={Chapman and Hall}
}

@article{benjamini1995controlling,
  title={Controlling the false discovery rate: a practical and powerful approach to multiple testing},
  author={Benjamini, Yoav and Hochberg, Yosef},
  journal={Journal of the Royal statistical society: series B (Methodological)},
  volume={57},
  number={1},
  pages={289--300},
  year={1995},
  publisher={Wiley Online Library}
}

@article{benjamini2001control,
  title={The control of the false discovery rate in multiple testing under dependency},
  author={Benjamini, Yoav and Yekutieli, Daniel},
  journal={Annals of statistics},
  pages={1165--1188},
  year={2001},
  publisher={JSTOR}
}

@article{holm1979simple,
  title={A simple sequentially rejective multiple test procedure},
  author={Holm, Sture},
  journal={Scandinavian journal of statistics},
  pages={65--70},
  year={1979},
  publisher={JSTOR}
}

@article{jiang2017discrete,
  title={Discrete false-discovery rate improves identification of differentially abundant microbes},
  author={Jiang, Lingjing and Amir, Amnon and Morton, James T and Heller, Ruth and Arias-Castro, Ery and Knight, Rob},
  journal={MSystems},
  volume={2},
  number={6},
  year={2017},
  publisher={Am Soc Microbiol}
}

%% z-scores and normality

@book{mclachlan2004finite,
  title={Finite mixture models},
  author={McLachlan, Geoffrey J and Peel, David},
  year={2004},
  publisher={John Wiley \& Sons}
}

%% Données compositionnelles

@article{aitchison1982statistical,
  title={The statistical analysis of compositional data},
  author={Aitchison, John},
  journal={Journal of the Royal Statistical Society: Series B (Methodological)},
  volume={44},
  number={2},
  pages={139--160},
  year={1982},
  publisher={Wiley Online Library}
}

@article{aitchison1986statistical,
  title={The Statistical Analysis of Compositional Data. Monographs on Statistics and Applied Probability (Reprinted in 2003)},
  author={Aitchison, J},
  year={1986},
  publisher={Chapman and Hall London}
}

@book{albarede1996introduction,
  title={Introduction to geochemical modeling},
  author={Albar{\`e}de, Francis},
  year={1996},
  publisher={Cambridge University Press}
}

@article{egozcue2003isometric,
  title={Isometric logratio transformations for compositional data analysis},
  author={Egozcue, Juan Jos{\'e} and Pawlowsky-Glahn, Vera and Mateu-Figueras, Gl{\`o}ria and Barcelo-Vidal, Carles},
  journal={Mathematical Geology},
  volume={35},
  number={3},
  pages={279--300},
  year={2003},
  publisher={Springer}
}

@article{pawlowsky2007lecture,
  title={Lecture notes on compositional data analysis},
  author={Pawlowsky-Glahn, Vera and Egozcue, Juan Jos{\'e} and Tolosana Delgado, Raimon},
  year={2007},
  publisher={Universitat de Girona}
}

@article{gloor2016relative,
  title={It's all relative: analyzing microbiome data as compositions},
  author={Gloor, Gregory B and Wu, Jia Rong and Pawlowsky-Glahn, Vera and Egozcue, Juan Jos{\'e}},
  journal={Annals of epidemiology},
  volume={26},
  number={5},
  pages={322--329},
  year={2016},
  publisher={Elsevier}
}

@article{gloor2017microbiome,
  title={Microbiome datasets are compositional: and this is not optional},
  author={Gloor, Gregory B and Macklaim, Jean M and Pawlowsky-Glahn, Vera and Egozcue, Juan J},
  journal={Frontiers in microbiology},
  volume={8},
  pages={2224},
  year={2017},
  publisher={Frontiers}
}

@article{silverman2017phylogenetic,
  title={A phylogenetic transform enhances analysis of compositional microbiota data},
  author={Silverman, Justin D and Washburne, Alex D and Mukherjee, Sayan and David, Lawrence A},
  journal={Elife},
  volume={6},
  pages={e21887},
  year={2017},
  publisher={eLife Sciences Publications Limited}
}

%% Rarefaction

@article{mcmurdie2014waste,
  title={Waste not, want not: why rarefying microbiome data is inadmissible},
  author={McMurdie, Paul J and Holmes, Susan},
  journal={PLoS Comput Biol},
  volume={10},
  number={4},
  pages={e1003531},
  year={2014},
  publisher={Public Library of Science}
}

%% Distributions

@article{robinson2007moderated,
  title={Moderated statistical tests for assessing differences in tag abundance},
  author={Robinson, Mark D and Smyth, Gordon K},
  journal={Bioinformatics},
  volume={23},
  number={21},
  pages={2881--2887},
  year={2007},
  publisher={Oxford University Press}
}

@article{anders2010differential,
  title={Differential expression analysis for sequence count data},
  author={Anders, Simon and Huber, Wolfgang},
  journal={Nature Precedings},
  pages={1--1},
  year={2010},
  publisher={Nature Publishing Group}
}

@article{marioni2008rna,
  title={RNA-seq: an assessment of technical reproducibility and comparison with gene expression arrays},
  author={Marioni, John C and Mason, Christopher E and Mane, Shrikant M and Stephens, Matthew and Gilad, Yoav},
  journal={Genome research},
  volume={18},
  number={9},
  pages={1509--1517},
  year={2008},
  publisher={Cold Spring Harbor Lab}
}

@article{zhang2017negative,
  title={Negative binomial mixed models for analyzing microbiome count data},
  author={Zhang, Xinyan and Mallick, Himel and Tang, Zaixiang and Zhang, Lei and Cui, Xiangqin and Benson, Andrew K and Yi, Nengjun},
  journal={BMC bioinformatics},
  volume={18},
  number={1},
  pages={4},
  year={2017},
  publisher={Springer}
}

@article{xinyan2016zero,
  title={Zero-inflated negative binomial regression for differential abundance testing in microbiome studies},
  author={Xinyan, Zhang and Himel, Mallick and Nengjun, Yi},
  journal={Journal of Bioinformatics and Genomics},
  number={2},
  pages={1--1},
  year={2016},
  publisher={Общество с ограниченной ответственностью {\guillemotleft}Цифра{\guillemotright}}
}

@article{holmes2012dirichlet,
  title={Dirichlet multinomial mixtures: generative models for microbial metagenomics},
  author={Holmes, Ian and Harris, Keith and Quince, Christopher},
  journal={PloS one},
  volume={7},
  number={2},
  pages={e30126},
  year={2012},
  publisher={Public Library of Science}
}


%% Autres tests

% DESeq2

@article{love2014moderated,
  title={Moderated estimation of fold change and dispersion for RNA-seq data with DESeq2},
  author={Love, Michael I and Huber, Wolfgang and Anders, Simon},
  journal={Genome biology},
  volume={15},
  number={12},
  pages={550},
  year={2014},
  publisher={Springer}
}


% edgeR

@article{robinson2010edger,
  title={edgeR: a Bioconductor package for differential expression analysis of digital gene expression data},
  author={Robinson, Mark D and McCarthy, Davis J and Smyth, Gordon K},
  journal={Bioinformatics},
  volume={26},
  number={1},
  pages={139--140},
  year={2010},
  publisher={Oxford University Press}
}

% mbzinb

@article{chen2018omnibus,
  title={An omnibus test for differential distribution analysis of microbiome sequencing data},
  author={Chen, Jun and King, Emily and Deek, Rebecca and Wei, Zhi and Yu, Yue and Grill, Diane and Ballman, Karla},
  journal={Bioinformatics},
  volume={34},
  number={4},
  pages={643--651},
  year={2018},
  publisher={Oxford University Press}
}

% metagenomsSeq

@article{paulson2013differential,
  title={Differential abundance analysis for microbial marker-gene surveys},
  author={Paulson, Joseph N and Stine, O Colin and Bravo, H{\'e}ctor Corrada and Pop, Mihai},
  journal={Nature methods},
  volume={10},
  number={12},
  pages={1200--1202},
  year={2013},
  publisher={Nature Publishing Group}
}

% ALDEx2

@article{fernandes2014unifying,
  title={Unifying the analysis of high-throughput sequencing datasets: characterizing RNA-seq, 16S rRNA gene sequencing and selective growth experiments by compositional data analysis},
  author={Fernandes, Andrew D and Reid, Jennifer Ns and Macklaim, Jean M and McMurrough, Thomas A and Edgell, David R and Gloor, Gregory B},
  journal={Microbiome},
  volume={2},
  number={1},
  pages={15},
  year={2014},
  publisher={Springer}
}

%% OU arbre

@article{bastide2017detection,
  title={Detection of adaptive shifts on phylogenies by using shifted stochastic processes on a tree},
  author={Bastide, Paul and Mariadassou, Mahendra and Robin, St{\'e}phane},
  journal={Journal of the Royal Statistical Society: Series B (Statistical Methodology)},
  volume={79},
  number={4},
  pages={1067--1093},
  year={2017},
  publisher={Wiley Online Library}
}

@article{bastide2018inference,
  title={Inference of adaptive shifts for multivariate correlated traits},
  author={Bastide, Paul and An{\'e}, C{\'e}cile and Robin, St{\'e}phane and Mariadassou, Mahendra},
  journal={Systematic Biology},
  volume={67},
  number={4},
  pages={662--680},
  year={2018},
  publisher={Oxford University Press}
}
